@article{voss2008accurate,
  title={Accurate forced-choice recognition without awareness of memory retrieval},
  author={Voss, Joel L and Baym, Carol L and Paller, Ken A},
  journal={Learning \& Memory},
  volume={15},
  number={6},
  pages={454--459},
  year={2008},
  publisher={Cold Spring Harbor Lab}
}
@article{voss2009electrophysiological,
  title={An electrophysiological signature of unconscious recognition memory},
  author={Voss, Joel L and Paller, Ken A},
  journal={Nature neuroscience},
  volume={12},
  number={3},
  pages={349},
  year={2009},
  publisher={Nature Publishing Group}
}
@article{jeneson2010recognition,
  title={Recognition without awareness: An elusive phenomenon},
  author={Jeneson, Annette and Kirwan, C Brock and Squire, Larry R},
  journal={Learning \& memory},
  volume={17},
  number={9},
  pages={454--459},
  year={2010},
  publisher={Cold Spring Harbor Lab}
}
@article{voss2010makes,
  title={What makes recognition without awareness appear to be elusive? Strategic factors that influence the accuracy of guesses},
  author={Voss, Joel L and Paller, Ken A},
  journal={Learning \& Memory},
  volume={17},
  number={9},
  pages={460--468},
  year={2010},
  publisher={Cold Spring Harbor Lab}
}